@online{2106.08777,
    AUTHOR     = {Seth D. Axen and Mateusz Baran and Ronny Bergmann and Krzysztof Rzecki},
    TITLE      = {Manifolds.jl: An Extensible {J}ulia Framework for Data Analysis on Manifolds},
    YEAR       = {2021},
    EPRINT     = {2106.08777},
    EPRINTTYPE = {arXiv}
}
@softawre{manifoldsbasejl-zenodo-mostrecent,
    AUTHOR    = {Seth D. Axen and Mateusz Baran and Ronny Bergmann},
    TITLE     = {ManifoldsBase.jl},
    DOI       = {10.5281/ZENODO.5964340},
    URL       = {https://zenodo.org/record/5964340},
    PUBLISHER = {Zenodo},
    YEAR      = {2021},
    COPYRIGHT = {MIT License}
}
