# ManifoldBase.jl
#
# Literature used within the Documentation of ManifoldsBase.jl
# ========================================================
#
# citekeys should be of the form AllAuthors:Year, unless there is really many authors.
#
# ----------------------------------------------------------------------------------------
@book{AbsilMahonySepulchre:2008,
    AUTHOR    = {Absil, P.-A. and Mahony, R. and Sepulchre, R.},
    DOI       = {10.1515/9781400830244},
    NOTE      = {available online at [press.princeton.edu/chapters/absil/](http://press.princeton.edu/chapters/absil/)},
    PUBLISHER = {Princeton University Press},
    TITLE     = {Optimization Algorithms on Matrix Manifolds},
    YEAR      = {2008},
}
@article{AxenBaranBergmannRzecki:2023,
    AUTHOR    = {Axen, Seth D. and Baran, Mateusz and Bergmann, Ronny and Rzecki, Krzysztof},
    ARTICLENO = {33},
    DOI       = {10.1145/3618296},
    JOURNAL   = {ACM Transactions on Mathematical Software},
    MONTH     = {dec},
    NUMBER    = {4},
    TITLE     = {Manifolds.Jl: An Extensible Julia Framework for Data Analysis on Manifolds},
    VOLUME    = {49},
    YEAR      = {2023}
}

@book{BaoChernShen:2000,
	address = {New York, NY},
	series = {Graduate {Texts} in {Mathematics}},
	title = {An {Introduction} to {Riemann}-{Finsler} {Geometry}},
	volume = {200},
	isbn = {978-1-4612-7070-6 978-1-4612-1268-3},
	publisher = {Springer},
	author = {Bao, D. and Chern, S.-S. and Shen, Z.},
	year = {2000},
	doi = {10.1007/978-1-4612-1268-3},
}
@book{Boumal:2023,
    TITLE     = {An Introduction to Optimization on Smooth Manifolds},
    AUTHOR    = {Boumal, Nicolas},
    YEAR      = {2023},
    MONTH     = mar,
    EDITION   = {First},
    PUBLISHER = {Cambridge University Press},
    DOI       = {10.1017/9781009166164},
    URL       = {https://www.nicolasboumal.net/book/index.html},
    ABSTRACT  = {Optimization on Riemannian manifolds-the result of smooth geometry and optimization merging into one elegant modern framework-spans many areas of science and engineering, including machine learning, computer vision, signal processing, dynamical systems and scientific computing. This text introduces the differential geometry and Riemannian geometry concepts that will help students and researchers in applied mathematics, computer science and engineering gain a firm mathematical grounding to use these tools confidently in their research. Its charts-last approach will prove more intuitive from an optimizer's viewpoint, and all definitions and theorems are motivated to build time-tested optimization algorithms. Starting from first principles, the text goes on to cover current research on topics including worst-case complexity and geodesic convexity. Readers will appreciate the tricks of the trade for conducting research and for numerical implementations sprinkled throughout the book.},
    ISBN      = {978-1-00-916616-4}
}

@article{Chern:1996,
	title = {Finsler geometry is just {Riemannian} geometry without the quadratic restriction},
	volume = {43},
	issn = {0002-9920,1088-9477},
	number = {9},
	journal = {Notices of the American Mathematical Society},
	author = {Chern, Shiing-Shen},
	year = {1996},
	pages = {959--963},
}
@article{EhlersPiraniSchild:1972,
    DOI       = {10.1007/s10714-012-1353-4},
    YEAR      = {1972},
    PUBLISHER = {Springer Science and Business Media {LLC}},
    VOLUME    = {44},
    NUMBER    = {6},
    PAGES     = {1587--1609},
    AUTHOR    = {J\"{u}rgen Ehlers and Felix A. E. Pirani and Alfred Schild},
    TITLE     = {Republication of: The geometry of free fall and light propagation},
    JOURNAL   = {General Relativity and Gravitation}
}

@incollection{FeragenNue:2020,
	title = {8 - {Statistics} on stratified spaces},
	isbn = {978-0-12-814725-2},
	booktitle = {Riemannian {Geometric} {Statistics} in {Medical} {Image} {Analysis}},
	publisher = {Academic Press},
	author = {Feragen, Aasa and Nye, Tom},
	editor = {Pennec, Xavier and Sommer, Stefan and Fletcher, Tom},
	month = jan,
	year = {2020},
	doi = {10.1016/B978-0-12-814725-2.00016-9},
	pages = {299--342},
}
@book{HilgertNeeb:2012,
    AUTHOR    = {Hilgert, Joachim and Neeb, Karl-Hermann},
    DOI       = {10.1007/978-0-387-84794-8},
    PUBLISHER = {Springer Monographs in Mathematics},
    ISBN      = {9780387847948},
    TITLE     = {Structure and Geometry of Lie Groups},
    YEAR      = {2012}
}

@misc{JavaloyesSoares:2015,
	title = {Geodesics and {Jacobi} fields of pseudo-{Finsler} manifolds},
	url = {http://arxiv.org/abs/1401.8149},
	doi = {10.48550/arXiv.1401.8149},
	urldate = {2024-12-04},
	publisher = {arXiv},
	author = {Javaloyes, Miguel Angel and Soares, Bruno Learth},
	month = mar,
	year = {2015},
}

@misc{Joyce:2010,
	TITLE = {On manifolds with corners},
	DOI = {10.48550/arXiv.0910.3518},
	AUTHOR = {Joyce, Dominic},
	YEAR = {2010},
    EPRINT       = {0910.3518},
    EPRINTTYPE   = {arXiv}
}

@book{KolarSlovakMichor:1993,
	address = {Berlin, Heidelberg},
	title = {Natural {Operations} in {Differential} {Geometry}},
	isbn = {978-3-642-08149-1 978-3-662-02950-3},
	publisher = {Springer},
	author = {Kolář, Ivan and Slovák, Jan and Michor, Peter W.},
	year = {1993},
	doi = {10.1007/978-3-662-02950-3},
}

@book{KrieglMichor:1997,
	address = {Providence, R.I},
	series = {Mathematical {Surveys} and {Monographs}},
	title = {The {Convenient} {Setting} of {Global} {Analysis}},
	isbn = {978-0-8218-0780-4},
	number = {53},
	publisher = {American Mathematical Society},
	author = {Kriegl, Andreas and Michor, Peter W.},
	month = sep,
	year = {1997},
}

@article{LatifiToomanian:2013,
	title = {On the existence of bi-invariant {Finsler} metrics on {Lie} groups},
	volume = {7},
	issn = {2251-7456},
	doi = {10.1186/2251-7456-7-37},
	number = {1},
	journal = {Mathematical Sciences},
	author = {Latifi, Dariush and Toomanian, Megerdich},
	month = aug,
	year = {2013},
	pages = {37},
}
@book{Lee:2012,
	address = {New York ; London},
	edition = {2nd edition},
	title = {Introduction to {Smooth} {Manifolds}},
	isbn = {978-1-4419-9981-8},
	publisher = {Springer},
	author = {Lee, John},
	month = aug,
	year = {2012},
}
@book{Lee:2019,
    AUTHOR = {John M. Lee},
    DOI    = {10.1007/978-3-319-91755-9},
    ISBN = {978-3-319-91755-9},
    PUBLISHER = {Springer Cham},
    TITLE  = {Introduction to Riemannian Manifolds},
    YEAR   = {2019}
}
@article{LorenziPennec:2013,
    DOI        = {10.1007/s10851-013-0470-3},
    EPRINT     = {00870489},
    EPRINTTYPE = {HAL},
    YEAR       = {2013},
    VOLUME     = {50},
    NUMBER     = {1-2},
    PAGES      = {5--17},
    AUTHOR     = {Marco Lorenzi and Xavier Pennec},
    TITLE      = {Efficient Parallel Transport of Deformations in Time Series of Images: From Schild's to Pole Ladder},
    JOURNAL    = {Journal of Mathematical Imaging and Vision}
}

@inproceedings{MuralidharanFletcher:2012,
    DOI       = {10.1109/cvpr.2012.6247780},
    YEAR      = 2012,
    AUTHOR    = {P. Muralidharan and P. T. Fletcher},
    TITLE     = {Sasaki metrics for analysis of longitudinal data on manifolds},
    BOOKTITLE = {2012 {IEEE} Conference on Computer Vision and Pattern Recognition}
}
@article{Pennec:2018,
    AUTHOR ={Xavier Pennec},
    EPRINT = {1805.11436},
    EPRINTTYPE = {arXiv},
    Journal = {arXiv Preprint},
    TITLE = {Parallel Transport with Pole Ladder: a Third Order Scheme in Affine Connection Spaces which is Exact in Affine Symmetric Spaces.},
    YEAR = {2018},
    URL = {https://arxiv.org/abs/1805.11436},
}

@incollection{PennecLorenzi:2020,
	title = {5 - {Beyond} {Riemannian} geometry: {The} affine connection setting for transformation groups},
	isbn = {978-0-12-814725-2},
	shorttitle = {5 - {Beyond} {Riemannian} geometry},
	booktitle = {Riemannian {Geometric} {Statistics} in {Medical} {Image} {Analysis}},
	publisher = {Academic Press},
	author = {Pennec, Xavier and Lorenzi, Marco},
	editor = {Pennec, Xavier and Sommer, Stefan and Fletcher, Tom},
	month = jan,
	year = {2020},
	doi = {10.1016/B978-0-12-814725-2.00012-1},
	pages = {169--229},
}
@article{Sasaki:1958,
    DOI     = {10.2748/tmj/1178244668},
    YEAR    = {1958},
    VOLUME  = {10},
    NUMBER  = {3},
    AUTHOR  = {Shigeo Sasaki},
    TITLE   = {On the differential geometry of tangent bundles of Riemannian manifolds},
    JOURNAL = {Tohoku Math. J.}
}
@article{SatoIwai:2013,
    AUTHOR        = {Hiroyuki Sato and Toshihiro Iwai},
    ARCHIVEPREFIX = {arXiv},
    DOI           = {10.1080/02331934.2013.836650},
    EPRINT        = {1302.0125},
    JOURNAL       = {Optimization},
    NUMBER        = {4},
    PAGES         = {1011--1031},
    PUBLISHER     = {Informa {UK} Limited},
    TITLE         = {A new,  globally convergent Riemannian conjugate gradient method},
    VOLUME        = {64},
    YEAR          = {2013}
}

@book{SrivastavaKlassen:2016,
	series = {Springer {Series} in {Statistics}},
	title = {Functional and {Shape} {Data} {Analysis}},
	isbn = {978-1-4939-4018-9},
	publisher = {Springer New York},
	author = {Srivastava, Anuj and Klassen, Eric P.},
	year = {2016},
}
